@misc{RefWorks:doc:5abd46a5e4b0770b05a4080c,
	title={Raleigh's Craigslist Lessons},
	volume={2018},
	number={March 29},
	url={https://raleigh.craigslist.org/d/lessons-tutoring/search/lss}
}
@misc{RefWorks:doc:5abd466ce4b0689719ee9277,
	title={Verbling},
	volume={2018},
	number={March 29},
	url={https://www.verbling.com/find-teachers/spanish?sort=magic}
}
@misc{RefWorks:doc:5abd45f7e4b0770b05a407c4,
	title={Chegg},
	volume={2018},
	number={March 29},
	url={https://www.chegg.com/}
}
@misc{RefWorks:doc:5abd46a5e4b0770b05a4080c,
	title={Raleigh's Craigslist Lessons},
	volume={2018},
	number={March 29},
	url={https://raleigh.craigslist.org/d/lessons-tutoring/search/lss}
}
@misc{RefWorks:doc:5abd466ce4b0689719ee9277,
	title={Verbling},
	volume={2018},
	number={March 29},
	url={https://www.verbling.com/find-teachers/spanish?sort=magic}
}
@misc{RefWorks:doc:5abd45f7e4b0770b05a407c4,
	title={Chegg},
	volume={2018},
	number={March 29},
	url={https://www.chegg.com/}
}

